<?xml version="1.0" encoding="UTF-8"?><collection xmlns="http://www.loc.gov/MARC21/slim"><record><leader>00410nam--2200169-u-4500</leader><controlfield tag="001">000056821</controlfield><controlfield tag="002">20191030</controlfield><controlfield tag="005">20191030083132</controlfield><controlfield tag="008">191030s1000------------r-----000-0-eng-d</controlfield><datafield ind1=" " ind2=" " tag="041"><subfield code="a">eng</subfield></datafield><datafield ind1="1" ind2=" " tag="100"><subfield code="a">Kurosh, A</subfield></datafield><datafield ind1="1" ind2="0" tag="245"><subfield code="a">HIGHER ALGEBRA</subfield><subfield code="c">A. KUROSH</subfield></datafield><datafield ind1=" " ind2=" " tag="260"><subfield code="a">MOSCOU</subfield><subfield code="b">MIR PUBLISHERS</subfield><subfield code="c">1972</subfield></datafield><datafield ind1=" " ind2=" " tag="300"><subfield code="a">428 P</subfield></datafield><datafield ind1=" " ind2=" " tag="500"><subfield code="a">DONATIE GHEORGHE DINESCU</subfield></datafield><datafield ind1=" " ind2=" " tag="852"><subfield code="a">82715</subfield><subfield code="c">512</subfield></datafield><datafield ind1=" " ind2=" " tag="CAT"><subfield code="a">SYS</subfield><subfield code="c">20191030</subfield><subfield code="h">083132</subfield></datafield></record></collection>